% Encoding: UTF-8

@Electronic{gvv_ard_assembly_7447_count,
  author = {G V V Sharma},
  title  = {{B}oolean {L}ogic through {AVR}-{A}ssembly},
  url    = {https://github.com/gadepall/arduino/raw/master/assembly/7447/count/gvv_ard_assembly_7447_count.pdf},
}

@Electronic{gvv_ard_assembly_7447,
  author = {G V V Sharma},
  title  = {7447 through {AVR}-{A}ssembly},
  url    = {https://github.com/gadepall/arduino/raw/master/assembly/7447/io/gvv_ard_assembly_7447.pdf},
}
