% Encoding: UTF-8

@Electronic{gvv_kmap,
  author = {G V V Sharma},
  title  = {{K}arnaugh {M}ap},
  url    = {https://github.com/gadepall/arduino/raw/master/ide/kmap/gvv_kmap.pdf},
}
